@inproceedings{wright2010current,
  title={The Current Space Debris Situation},
  author={Wright, David},
  booktitle={Union of Concerned Scientists (UCS), Beijing Orbital Debris Mitigation Workshop},
  year={2010}
}

@article{kessler1978collision,
  title={Collision frequency of artificial satellites: The creation of a debris belt},
  author={Kessler, Donald J and Cour-Palais, Burton G},
  journal={Journal of Geophysical Research: Space Physics},
  volume={83},
  number={A6},
  pages={2637--2646},
  year={1978},
  publisher={Wiley Online Library}
}

@article{chen2013history,
  title={History of the tether concept and tether missions: a review},
  author={Chen, Yi and Huang, Rui and Ren, Xianlin and He, Liping and He, Ye},
  journal={ISRN astronomy and astrophysics},
  volume={2013},
  year={2013},
  publisher={Hindawi Publishing Corporation}
}

@article{chen2014dynamical,
  title={Dynamical modelling and control of space tethers: a review of space tether research},
  author={Chen, Yi and Huang, Rui and He, Liping and Ren, Xianlin and Zheng, Bin},
  journal={Nonlinear Dynamics},
  volume={77},
  number={4},
  pages={1077--1099},
  year={2014},
  publisher={Springer}
}

@inproceedings{hovell2017experimental,
  title={Experimental Validation for Tethered Capture of Spinning Space Debris},
  author={Hovell, Kirk and Ulrich, Steve},
  booktitle={AIAA Guidance, Navigation, and Control Conference},
  pages={1049},
  year={2017}
}
% tether mission
@article{cartmell2008review,
  title={A review of space tether research},
  author={Cartmell, MP and McKenzie, DJ},
  journal={Progress in Aerospace Sciences},
  volume={44},
  number={1},
  pages={1--21},
  year={2008},
  publisher={Elsevier}
} % 

@book{van2009space,
  title={Space tethers and space elevators},
  author={Van Pelt, Michel},
  year={2009},
  publisher={Springer Science \& Business Media}
}

@article{carroll1995tethers,
  title={Tethers for small satellite applications},
  author={Carroll, Joseph and Oldson, John},
  year={1995}
}

@article{carroll1985guidebook,
  title={Guidebook for analysis of tether applications},
  author={Carroll, Joseph A},
  year={1985}
}

@article{johnson1999overview,
  title={Overview of future NASA tether applications},
  author={Johnson, Les and Gilchrist, Brian and Estes, Robert D and Lorenzini, Enrico},
  journal={Advances in Space Research},
  volume={24},
  number={8},
  pages={1055--1063},
  year={1999},
  publisher={Elsevier}
}

@article{carroll2002space,
  title={Space transport development using orbital debris},
  author={Carroll, Joseph A},
  journal={NIAC Phase I presentation and final report},
  year={2002}
}

@article{klinkrad2006space,
  title={Space Debris: Models and Risk Analysis (Springer Praxis Books/Astronautical Engineering)},
  author={Klinkrad, Heiner},
  year={2006},
  publisher={Springer}
}
% 19 -38
@inproceedings{cartmell2001experimental,
  title={Experimental scale model testing of a motorised momentum exchange propulsion tether},
  author={Cartmell, M and Ziegler, S},
  booktitle={37th Joint Propulsion Conference and Exhibit},
  pages={3914},
  year={2001}
}

@article{ziegler2001using,
  title={Using motorized tethers for payload orbital transfer},
  author={Ziegler, Spencer W and Cartmell, Matthew P},
  journal={Journal of Spacecraft and Rockets},
  volume={38},
  number={6},
  pages={904--913},
  year={2001}
}

@inproceedings{chen2007multi,
  title={Multi-objective optimisation on motorised momentum exchange tether for payload orbital transfer},
  author={Chen, Yi and Cartmell, Matthew P},
  booktitle={Evolutionary Computation, 2007. CEC 2007. IEEE Congress on},
  pages={987--993},
  year={2007},
  organization={IEEE}
}

@article{chen2007dynamical,
  title={Dynamical modelling of the motorised momentum exchange tether incorporating axial elastic effects},
  author={Chen, Yi and Cartmell, M},
  year={2007}
}

@inproceedings{chen2009hybrid,
  title={Hybrid fuzzy and sliding-mode control for motorised space tether spin-up when coupled with axial oscillation},
  author={Chen, Yi and Cartmell, Matthew P},
  booktitle={Journal of Physics: Conference Series},
  volume={181},
  number={1},
  pages={012093},
  year={2009},
  organization={IOP Publishing}
}

@article{chen2009hybrida,
  title={Hybrid sliding mode control for motorised space tether spin-up when coupled with axial oscillation},
  author={Chen, Yi and Cartmell, Matthew P},
  year={2009}
}

@article{chen2010hybrid,
  title={Hybrid fuzzy sliding mode control for motorised space tether spin-up when coupled with axial and torsional oscillation},
  author={Chen, Yi and Cartmell, Matthew},
  journal={Astrophysics and Space Science},
  volume={326},
  number={1},
  pages={105--118},
  year={2010},
  publisher={Springer}
}

@phdthesis{ismail2012dynamics,
  title={The dynamics of a flexible motorised momentum exchange tether (MMET)},
  author={Ismail, Norilmi Amilia},
  year={2012},
  school={University of Glasgow}
}

@inproceedings{mazzoleni2001nonplanar,
  title={Nonplanar spin-up dynamics of the ASTOR tethered satellite system},
  author={Mazzoleni, AP and Hoffman, JH},
  booktitle={Proceeding of the 11 th Annual AAS/AIAA Space Flight Mechanics Meeting, Santa Barbara, CA},
  pages={1241--1257},
  year={2001}
}

@article{mazzoleni2004end,
  title={End-Body Dynamics of Artificial-Gravity-Generating Tethered Satellite System During Non-Planar Spin-Up with Elastic Effects Included},
  author={Mazzoleni, Andre P and Hoffman, John H},
  journal={Advances in the Astronautical Sciences},
  volume={116},
  pages={1--16},
  year={2004}
}

@article{ellis2010out,
  title={Out-of-plane librations of spinning tethered satellite systems},
  author={Ellis, Joshua R and Hall, Christopher D},
  journal={Celestial Mechanics and Dynamical Astronomy},
  volume={106},
  number={1},
  pages={39},
  year={2010},
  publisher={Springer}
}

@article{aslanov2010effect,
  title={The effect of the elasticity of an orbital tether system on the oscillations of a satellite},
  author={Aslanov, VS},
  journal={Journal of Applied Mathematics and Mechanics},
  volume={74},
  number={4},
  pages={416--424},
  year={2010},
  publisher={Elsevier}
}

@article{zanutto2011stability,
  title={Stability of electrodynamic tethers in a three-body system},
  author={Zanutto, Denis and Curreli, Davide and Lorenzini, Enrico},
  journal={Journal of Guidance, Control, and Dynamics},
  volume={34},
  number={5},
  pages={1441--1456},
  year={2011}
}

@article{kristiansen2012numerical,
  title={Numerical modelling of elastic space tethers},
  author={Kristiansen, K Uldall and Palmer, PL and Roberts, RM},
  journal={Celestial Mechanics and Dynamical Astronomy},
  volume={113},
  number={2},
  pages={235--254},
  year={2012},
  publisher={Springer}
}

@article{zhao2013librational,
  title={Librational characteristics of a dumbbell modeled tethered satellite under small, continuous, constant thrust},
  author={Zhao, Guowei and Sun, Liang and Tan, Shuping and Huang, Hai},
  journal={Proceedings of the Institution of Mechanical Engineers, Part G: Journal of Aerospace Engineering},
  volume={227},
  number={5},
  pages={857--872},
  year={2013},
  publisher={SAGE Publications Sage UK: London, England}
}

@article{jung2014dynamic,
  title={Dynamic analysis of a tethered satellite system with a moving mass},
  author={Jung, Wonyoung and Mazzoleni, Andre P and Chung, Jintai},
  journal={Nonlinear Dynamics},
  volume={75},
  number={1-2},
  pages={267--281},
  year={2014},
  publisher={Springer}
}

@misc{ardusatsdk, 
  author={ArduSat},
  title={ArdusatSDK},
  howpublished={\url{https://github.com/ArduSat/ArdusatSDK}}, 
  journal={GitHub}
  }

@misc{DigiCite, title={XCTU}, howpublished={\url{https://www.digi.com/products/xbee-rf-solutions/xctu-software/xctu}},
	journal={Digi International}}

@misc{XbeeSetting, title={Exploring XBees and XCTU}, howpublished={\url{https://learn.sparkfun.com/tutorials/exploring-xbees-and-xctu/configuring-networks}}}

@article{manalo2012usb,
  title={USB Interfacing and Real Time Data Plotting with MATLAB},
  author={Manalo, Mark S and Ashrafi, Ashkan},
  journal={San Diego University Department of Electrical and Computer Engineering Real-Time DSP and FPGA Development Lab},
  year={2012}
}

@inproceedings{geeroms2015ardusat,
  title={ARDUSAT, an Arduino-based cubesat providing students with the opportunity to create their own satellite experiment and collect real-world space data},
  author={Geeroms, Dirk and Bertho, Sabine and De Roeve, Michel and Lempens, Rik and Ordies, Michiel and Prooth, Jeroen},
  year={2015},
  organization={ESA Publications Division C/O ESTEC}
}

@article{peters2016ardusat,
  title={Ardusat Space Program: Training the Next Generation of Satellite Scientists and Engineers},
  author={Peters, Ben},
  year={2016}
}

@misc{dong1994device,
  title={Device and method for on-line adaptive selection of baud rate and carrier frequency},
  author={Dong, Ping},
  year={1994},
  month=mar # "~22",
  publisher={Google Patents},
  note={US Patent 5,297,186}
}

@Misc{ESAspacedebris,
howpublished = {\url{https://www.esa.int/Our_Activities/Operations/Space_Debris/About_space_debris}},  
year = {2018},
month = feb # "~21",  
title = {Activities about Space Debris},  
author = {European Space Agency}  
}  
